@inproceedings{akhawe2013,
  title = {Alice in warningland: A large-scale field study of browser security warning effectiveness},
  shorttitle = {Alice in warningland},
  url = {https://www.usenix.org/system/files/conference/usenixsecurity13/sec13-paper_akhawe.pdf},
  urldate = {2014-02-10},
  booktitle = {Proceedings of the 22th {USENIX} Security Symposium},
  author = {Akhawe, Devdatta and Felt, Adrienne Porter},
  year = {2013},
  file = {alice-in-warningland.pdf:C:\Users\Huw\AppData\Roaming\Mozilla\Firefox\Profiles\9c6skvmt.default-1365593530401\zotero\storage\NCM88CDK\alice-in-warningland.pdf:application/pdf}
}

@inproceedings{anderson2012,
  title={Measuring the Cost of Cybercrime.},
  author={Anderson, Ross and Barton, Chris and B{\"o}hme, Rainer and Clayton, Richard and van Eeten, Michael and Levi, Michael and Moore, Tyler and Savage, Stefan},
  booktitle={Workshop on the Economics of Information Security (WEIS)},
  year={2012}
}

@misc{apwg,
  title={APWG Global Phishing Survey: Trends and Domain Name Use in 1H2013},
  author={Rod Rasmussen and Greg Aaron},
  year={2013},
  institution={Anti Phishing Working Group}
}

@article{betz2013,
  title={Analogical reasoning and cyber security},
  author={Betz, David J and Stevens, Tim},
  journal={Security Dialogue},
  volume={44},
  number={2},
  pages={147--164},
  year={2013},
  publisher={SAGE Publications}
}

@article{bilar,
  title={On self-reproducing computer programs},
  author={Bilar, D and Filiol, E},
  journal={Journal in computer virology},
  volume={5},
  number={1},
  pages={9--87},
  year={2009},
  publisher={Springer}
}

@article{brazier,
  title={Public health and private lives},
  author={Brazier, Margaret and Harris, John},
  journal={Med. L. Rev.},
  volume={4},
  pages={171},
  year={1996},
  publisher={HeinOnline}
}

@inproceedings{canali2013,
  title={Behind the scenes of online attacks: an analysis of exploitation behaviors on the web},
  author={Canali, Davide and Balzarotti, Davide and others},
  booktitle={Proceedings of the 20th Annual Network \& Distributed System Security Symposium},
  year={2013}
}

@inproceedings{canaliHostingProviders,
  title={The role of web hosting providers in detecting compromised websites},
  author={Canali, Davide and Balzarotti, Davide and Francillon, Aur{\'e}lien},
  booktitle={Proceedings of the 22nd international conference on World Wide Web},
  pages={177--188},
  year={2013},
  organization={International World Wide Web Conferences Steering Committee}
}


@article{charney,
  title={Collective Defense: Applying the Public-Health Model to the Internet},
  author={Charney, Scott},
  journal={Security \& Privacy, IEEE},
  volume={10},
  number={2},
  pages={54--59},
  year={2012},
  publisher={IEEE}
}

@article{clayton,
  title={Might governments clean-up malware?},
  author={Clayton, Richard},
  journal={Communication and Strategies},
  number={81},
  pages={87--104},
  year={2011}
}

@article{cohen,
  title={Computer viruses: theory and experiments},
  author={Cohen, Fred},
  journal={Computers \& security},
  volume={6},
  number={1},
  pages={22--35},
  year={1987},
  publisher={Elsevier}
}

@techreport{conficker,
  title={Conficker Working Group: Lessons Learned},
  author={Conficker Working Group and others},
  year={2011},
  institution={Tech. rep., Conficker Working Group--confickerworkinggroup. org}
}

@inproceedings{cova2010detection,
  title={Detection and analysis of drive-by-download attacks and malicious JavaScript code},
  author={Cova, Marco and Kruegel, Christopher and Vigna, Giovanni},
  booktitle={Proceedings of the 19th international conference on World wide web},
  pages={281--290},
  year={2010},
  organization={ACM}
}

@inproceedings{curtsinger2011zozzle,
  title={ZOZZLE: Fast and Precise In-Browser JavaScript Malware Detection.},
  author={Curtsinger, Charlie and Livshits, Benjamin and Zorn, Benjamin G and Seifert, Christian},
  booktitle={USENIX Security Symposium},
  pages={33--48},
  year={2011}
}

@inproceedings{edwards2012,
  title = {Beyond the blacklist: modeling malware spread and the effect of interventions},
  shorttitle = {Beyond the blacklist},
  url = {http://dl.acm.org/citation.cfm?id=2413302},
  urldate = {2014-02-09},
  booktitle = {Proceedings of the 2012 workshop on New security paradigms},
  publisher = {{ACM}},
  author = {Edwards, Benjamin and Moore, Tyler and Stelle, George and Hofmeyr, Steven and Forrest, Stephanie},
  year = {2012},
  pages = {53â€“66},
  file = {beyond the blacklist.pdf:C:\Users\Huw\AppData\Roaming\Mozilla\Firefox\Profiles\9c6skvmt.default-1365593530401\zotero\storage\TRGX2H73\beyond the blacklist.pdf:application/pdf}
}

@incollection{egele2009mitigating,
  title={Mitigating drive-by download attacks: Challenges and open problems},
  author={Egele, Manuel and Kirda, Engin and Kruegel, Christopher},
  booktitle={iNetSec 2009--Open Research Problems in Network Security},
  pages={52--62},
  year={2009},
  publisher={Springer}
}

@book{ewi,
  title={The Internet Health Model for Cybersecurity},
  author={Sullivan, Kevin and others},
  year={2012},
  publisher={EastWest Institute}
}

@inproceedings{fashion,
  title={Fashion crimes: trending-term exploitation on the web},
  author={Moore, Tyler and Leontiadis, Nektarios and Christin, Nicolas},
  booktitle={Proceedings of the 18th ACM conference on Computer and communications security},
  pages={455--466},
  year={2011},
  organization={ACM}
}

@book{gostin,
  title={Public health law and ethics: a reader},
  author={Gostin, Lawrence Ogalthorpe},
  volume={4},
  year={2010},
  publisher={University of California Pr}
}

@inproceedings{grossklags,
  title={Security and insurance management in networks with heterogeneous agents},
  author={Grossklags, Jens and Christin, Nicolas and Chuang, John},
  booktitle={Proceedings of the 9th ACM conference on Electronic commerce},
  pages={160--169},
  year={2008},
  organization={ACM}
}


@article{haynes,
  title={Can it work? Does it work? Is it worth it?: The testing of healthcare interventions is evolving},
  author={Haynes, Brian},
  journal={BMJ: British Medical Journal},
  volume={319},
  number={7211},
  pages={652},
  year={1999},
  publisher={BMJ Group}
}

@inproceedings{herley,
  title={So long, and no thanks for the externalities: the rational rejection of security advice by users},
  author={Herley, Cormac},
  booktitle={Proceedings of the 2009 workshop on New security paradigms workshop},
  pages={133--144},
  year={2009},
  organization={ACM}
}

@article{hsu2011browserguard,
  title={BrowserGuard: A Behavior-Based Solution to Drive-by-Download Attacks},
  author={Hsu, Fu-Hau and Tso, Chang-Kuo and Yeh, Yi-Chun and Wang, Wei-Jen and Chen, Li-Han},
  journal={Selected Areas in Communications, IEEE Journal on},
  volume={29},
  number={7},
  pages={1461--1468},
  year={2011},
  publisher={IEEE}
}

@book{janczewski,
  title={Cyber warfare and cyber terrorism},
  author={Janczewski, Lech J and Colarik, Andrew Michael},
  year={2008},
  publisher={IGI Global}
}

@article{jayasinghe2014efficient,
  title={Efficient and effective realtime prediction of drive-by download attacks},
  author={Jayasinghe, Gaya K and Shane Culpepper, J and Bertok, Peter},
  journal={Journal of Network and Computer Applications},
  volume={38},
  pages={135--149},
  year={2014},
  publisher={Elsevier}
}

@inproceedings{john,
  title={deSEO: Combating Search-Result Poisoning.},
  author={John, John P and Yu, Fang and Xie, Yinglian and Krishnamurthy, Arvind and Abadi, Mart{\'\i}n},
  booktitle={USENIX Security Symposium},
  year={2011}
}

@inproceedings{kanich,
  title={Spamalytics: An empirical analysis of spam marketing conversion},
  author={Kanich, Chris and Kreibich, Christian and Levchenko, Kirill and Enright, Brandon and Voelker, Geoffrey M and Paxson, Vern and Savage, Stefan},
  booktitle={Proceedings of the 15th ACM conference on Computer and communications security},
  pages={3--14},
  year={2008},
  organization={ACM}
}

@inproceedings{lu2010blade,
  title={Blade: an attack-agnostic approach for preventing drive-by malware infections},
  author={Lu, Long and Yegneswaran, Vinod and Porras, Phillip and Lee, Wenke},
  booktitle={Proceedings of the 17th ACM conference on Computer and communications security},
  pages={440--450},
  year={2010},
  organization={ACM}
}

@book{mill,
  title={On liberty},
  author={Mill, John Stuart},
  year={1999},
  publisher={Broadview Press}
}

@incollection{mooreClayton,
  title={Evil searching: Compromise and recompromise of internet hosts for phishing},
  author={Moore, Tyler and Clayton, Richard},
  booktitle={Financial Cryptography and Data Security},
  pages={256--272},
  year={2009},
  publisher={Springer}
}

@inproceedings{moura,
  title={Internet  neighborhoods: the spam case},
  author={Moura, Giovane Cesar Moreira and Sadre, Ramin and Pras, Aiko},
  booktitle={Network and Service Management (CNSM), 2011 7th International Conference on},
  pages={1--8},
  year={2011},
  organization={IEEE}
}

@article{mulliganSchneider,
  title={Doctrine for Cybersecurity},
  author={Mulligan, Deirdre K and Schneider, Fred B},
  journal={Daedalus},
  volume={140},
  number={4},
  pages={70--92},
  year={2011},
  publisher={MIT Press}
}

@article{murray1988,
  title={The application of epidemiology to computer viruses},
  author={Murray, William H},
  journal={Computers \& Security},
  volume={7},
  number={2},
  pages={139--145},
  year={1988},
  publisher={Elsevier}
}

@misc{nakedSecurity,
  title={1 in 5 Macs has malware on it, does yours?},
  author={Graham Cluley},
  date={2012-24-04},
  howpublished={\url{http://nakedsecurity.sophos.com/2012/04/24/mac-malware-study/}},
  note={Accessed 2013-12-15}
}

@book{nuffieldCouncil,
  title={Healthy lives, healthy people: our strategy for public health in England},
  author={Nuffield Council on Bioethics},
  year={2010},
  publisher={Stationery Office}
}

@book{ogus,
  title={Regulation: Legal form and economic theory},
  author={Ogus, Anthony I},
  volume={152},
  number={1},
  year={1994},
  publisher={Clarendon Press Oxford}
}

@inproceedings{provos,
  title={The ghost in the browser analysis of web-based malware},
  author={Provos, Niels and McNamee, Dean and Mavrommatis, Panayiotis and Wang, Ke and Modadugu, Nagendra and others},
  booktitle={Proceedings of the first conference on First Workshop on Hot Topics in Understanding Botnets},
  pages={4--4},
  year={2007}
}

@inproceedings{provos2008,
 author = {Provos, Niels and Mavrommatis, Panayiotis and Rajab, Moheeb Abu and Monrose, Fabian},
 title = {All Your iFRAMEs Point to Us},
 booktitle = {Proceedings of the 17th Conference on Security Symposium},
 series = {SS'08},
 year = {2008},
 location = {San Jose, CA},
 pages = {1--15},
 numpages = {15},
 url = {http://dl.acm.org/citation.cfm?id=1496711.1496712},
 acmid = {1496712},
 publisher = {USENIX Association},
 address = {Berkeley, CA, USA},
} 


@article{rattray,
  title={American security in the cyber commons},
  author={Rattray, Greg and Evans, Chris and Healey, Jason},
  journal={Contested Commons: The Future of American Power in a Multipolar World},
  pages={137--176},
  year={2010}
}

@inproceedings{rieck2010cujo,
  title={Cujo: efficient detection and prevention of drive-by-download attacks},
  author={Rieck, Konrad and Krueger, Tammo and Dewald, Andreas},
  booktitle={Proceedings of the 26th Annual Computer Security Applications Conference},
  pages={31--39},
  year={2010},
  organization={ACM}
}

@inproceedings{sachin2012surfguard,
  title={SurfGuard JavaScript instrumentation-based defense against Drive-by downloads},
  author={Sachin, V and Chiplunkar, NN},
  booktitle={Recent Advances in Computing and Software Systems (RACSS), 2012 International Conference on},
  pages={267--272},
  year={2012},
  organization={IEEE}
}

@misc{securelist,
  title={Spam in Q3 2013},
  author={Darya Gudkova},
  date={2013-11-05},
  year={2013},
  howpublished={\url{http://www.securelist.com/en/analysis/204792311/Spam_in_Q3_2013}},
  note={Accessed 2013-12-15}
}

@inproceedings{staniford,
  title={How to Own the Internet in Your Spare Time.},
  author={Staniford, Stuart and Paxson, Vern and Weaver, Nicholas and others},
  booktitle={USENIX Security Symposium},
  pages={149--167},
  year={2002}
}

@techreport{stopBadware,
  title={Compromised Websites: An Owner's Perspective},
  author={StopBadware and CommTouch},
  year={2012}
}

@techreport{trustwave,
  title={Trustwave 2013 Global Security Report},
  author={Trustwave},
  year={2013},
  institution={Technical Report}
}

@article{vasek,
  title={Identifying Risk Factors for Webserver Compromise},
  author={Vasek, Marie and Moore, Tyler},
  year={2013}
}

@techreport{whitehat,
  title={Whitehat Website Security Statistics Report 2013},
  author={WhiteHat Security},
  year={2013},
  institution={Technical Report}
}

@misc{WHO,
  title={Public Health},
  author={WHO},
  howpublished={\url{http://www.who.int/trade/glossary/story076/en/}},
  note={Accessed 2013-12-15}
}

@inproceedings{zhang2011arrow,
  title={Arrow: Generating signatures to detect drive-by downloads},
  author={Zhang, Junjie and Seifert, Christian and Stokes, Jack W and Lee, Wenke},
  booktitle={Proceedings of the 20th international conference on World wide web},
  pages={187--196},
  year={2011},
  organization={ACM}
}


WEBSCI REFERENCES DOCUMENT:

@article{adamsSasse,
  title={Users are not the enemy},
  author={Adams, Anne and Sasse, Martina Angela},
  journal={Communications of the ACM},
  volume={42},
  number={12},
  pages={40--46},
  year={1999},
  publisher={ACM}
}

@inproceedings{akhawe2013,
  title = {Alice in warningland: A large-scale field study of browser security warning effectiveness},
  shorttitle = {Alice in warningland},
  url = {https://www.usenix.org/system/files/conference/usenixsecurity13/sec13-paper_akhawe.pdf},
  urldate = {2014-02-10},
  booktitle = {Proceedings of the 22th {USENIX} Security Symposium},
  author = {Akhawe, Devdatta and Felt, Adrienne Porter},
  year = {2013},
  file = {alice-in-warningland.pdf:C:\Users\Huw\AppData\Roaming\Mozilla\Firefox\Profiles\9c6skvmt.default-1365593530401\zotero\storage\NCM88CDK\alice-in-warningland.pdf:application/pdf}
}

@inproceedings{anderson2012,
  title={Measuring the Cost of Cybercrime.},
  author={Anderson, Ross and Barton, Chris and B{\"o}hme, Rainer and Clayton, Richard and van Eeten, Michael and Levi, Michael and Moore, Tyler and Savage, Stefan},
  booktitle={Workshop on the Economics of Information Security (WEIS)},
  year={2012}
}

@misc{antagonist,
  title={Hosting provider Antagonist automatically fixes vulnerabilities in customersâ€™ websites},
  author={Wouter de Vries},
  howpublished={https://www.antagonist.nl/blog/2012/11/hosting-provider-antagonist-automatically-fixes-vulnerabilities-in-customers-websites/},
  year={2012},
  note={Accessed 23 February 2014}
}

@misc{apwg12,
  title={APWG Global Phishing Survey: Trends and Domain Name Use in 2H2012},
  author={Greg Aaron and Rod Rasmussen},
  year={2013},
  institution={Anti Phishing Working Group}
}

@misc{apwg13,
  title={APWG Global Phishing Survey: Trends and Domain Name Use in 1H2013},
  author={Rod Rasmussen and Greg Aaron},
  year={2013},
  institution={Anti Phishing Working Group}
}

@book{atiyah,
  title={Vicarious Liability},
  author={Atiyah, Patrick},
  year={1967},
  publisher={Butterworths London}  
}

@article{betz2013,
  title={Analogical reasoning and cyber security},
  author={Betz, David J and Stevens, Tim},
  journal={Security Dialogue},
  volume={44},
  number={2},
  pages={147--164},
  year={2013},
  publisher={SAGE Publications}
}

@article{bilar,
  title={On self-reproducing computer programs},
  author={Bilar, D and Filiol, E},
  journal={Journal in computer virology},
  volume={5},
  number={1},
  pages={9--87},
  year={2009},
  publisher={Springer}
}

@article{brazier,
  title={Public health and private lives},
  author={Brazier, Margaret and Harris, John},
  journal={Med. L. Rev.},
  volume={4},
  pages={171},
  year={1996},
  publisher={HeinOnline}
}

@inproceedings{canali2013,
  title={Behind the scenes of online attacks: an analysis of exploitation behaviors on the web},
  author={Canali, Davide and Balzarotti},
  booktitle={Proceedings of the 20th Annual Network \& Distributed System Security Symposium},
  year={2013}
}

@inproceedings{canaliHostingProviders,
  title={The role of web hosting providers in detecting compromised websites},
  author={Canali, Davide and Balzarotti, Davide and Francillon, Aur{\'e}lien},
  booktitle={Proceedings of the 22nd international conference on World Wide Web},
  pages={177--188},
  year={2013},
}


@article{charney,
  title={Collective Defense: Applying the Public-Health Model to the Internet},
  author={Charney, Scott},
  journal={Security \& Privacy, IEEE},
  volume={10},
  number={2},
  pages={54--59},
  year={2012},
  publisher={IEEE}
}

@techreport{checkmarx,
  title={The Security State of WOrdPress' Top 50 Plugins},
  author={Checkmarx},
  date={2013-18-06},
  institution={Technical Report}
}

@article{clayton,
  title={Might governments clean-up malware?},
  author={Clayton, Richard},
  journal={Communication and Strategies},
  number={81},
  pages={87--104},
  year={2011}
}

@article{cohen,
  title={Computer viruses: theory and experiments},
  author={Cohen, Fred},
  journal={Computers \& security},
  volume={6},
  number={1},
  pages={22--35},
  year={1987},
  publisher={Elsevier}
}

@techreport{conficker,
  title={Conficker Working Group: Lessons Learned},
  author={Conficker Working Group and others},
  year={2011},
  institution={Tech. rep., Conficker Working Group--confickerworkinggroup. org}
}

@misc{cryptolocker,
  title={Cryptolocker ransomware has 'infected about 250,000 PCs'},
  author={Leo Kelion},
  year={2013},
  howpublished={\url{http://www.bbc.co.uk/news/technology-25506020}},
  note={Accessed 2014-02-23},
  institution={BBC}
}

@article{deguzman,
  title={Unleashing a Cure for the Botnet Zombie Plague: Cybertorts, Counterstrikes, and Privileges},
  author={De Guzman, T Luis},
  journal={Cath. UL Rev.},
  volume={59},
  pages={527},
  year={2009},
  publisher={HeinOnline}
}

@inproceedings{edwards2012,
  title = {Beyond the blacklist: modeling malware spread and the effect of interventions},
  shorttitle = {Beyond the blacklist},
  url = {http://dl.acm.org/citation.cfm?id=2413302},
  urldate = {2014-02-09},
  booktitle = {Proceedings of the 2012 workshop on New security paradigms},
  publisher = {{ACM}},
  author = {Benjamin Edwards and others},
  year = {2012},
  pages = {53â€“66},
  file = {beyond the blacklist.pdf:C:\Users\Huw\AppData\Roaming\Mozilla\Firefox\Profiles\9c6skvmt.default-1365593530401\zotero\storage\TRGX2H73\beyond the blacklist.pdf:application/pdf}
}

@book{ewi,
  title={The Internet Health Model for Cybersecurity},
  author={Sullivan, Kevin and others},
  year={2012},
  publisher={EastWest Institute}
}

@inproceedings{fashion,
  title={Fashion crimes: trending-term exploitation on the web},
  author={Moore, Tyler and Leontiadis, Nektarios and Christin, Nicolas},
  booktitle={Proceedings of the 18th ACM conference on Computer and communications security},
  pages={455--466},
  year={2011},
  organization={ACM}
}

@book{gostin,
  title={Public health law and ethics: a reader},
  author={Gostin, Lawrence Ogalthorpe},
  volume={4},
  year={2010},
  publisher={University of California Pr}
}

@inproceedings{grossklags,
  title={Security and insurance management in networks with heterogeneous agents},
  author={Grossklags, Jens and Christin, Nicolas and Chuang, John},
  booktitle={Proceedings of the 9th ACM conference on Electronic commerce},
  pages={160--169},
  year={2008},
  organization={ACM}
}

@article{henderson,
  title={Suing the Insecure?: A Duty of Care in Cyberspace},
  author={Henderson, Stephen E and Yarbrough, Matthew E},
  journal={New Mexico Law Review},
  volume={32},
  pages={11},
  year={2002}
}

@inproceedings{herley,
  title={So long, and no thanks for the externalities: the rational rejection of security advice by users},
  author={Herley, Cormac},
  booktitle={Proceedings of the 2009 workshop on New security paradigms workshop},
  pages={133--144},
  year={2009},
  organization={ACM}
}

@book{janczewski,
  title={Cyber warfare and cyber terrorism},
  author={Janczewski, Lech J and Colarik, Andrew Michael},
  year={2008},
  publisher={IGI Global}
}

@inproceedings{john,
  title={deSEO: Combating Search-Result Poisoning.},
  author={John, John P and others.},
  booktitle={USENIX Security Symposium},
  year={2011}
}

@inproceedings{kanich,
  title={Spamalytics: An empirical analysis of spam marketing conversion},
  author={Kanich, Chris and others.},
  booktitle={Proceedings of the 15th ACM conference on Computer and communications security},
  pages={3--14},
  year={2008},
  organization={ACM}
}

@techreport{mcaffee,
  title={Dissecting Operation High Roller},
  author={McAfee},
  year={2012},
  institution={Technical Report}
}

@book{mill,
  title={On liberty},
  author={Mill, John Stuart},
  year={1999},
  publisher={Broadview Press}
}

@incollection{mooreClayton,
  title={Evil searching: Compromise and recompromise of internet hosts for phishing},
  author={Moore, Tyler and Clayton, Richard},
  booktitle={Financial Cryptography and Data Security},
  pages={256--272},
  year={2009},
  publisher={Springer}
}

@inproceedings{moura,
  title={Internet  neighborhoods: the spam case},
  author={Moura, Giovane Cesar Moreira and Sadre, Ramin and Pras, Aiko},
  booktitle={Network and Service Management (CNSM), 2011 7th International Conference on},
  pages={1--8},
  year={2011},
  organization={IEEE}
}

@article{mulliganSchneider,
  title={Doctrine for Cybersecurity},
  author={Mulligan, Deirdre K and Schneider, Fred B},
  journal={Daedalus},
  volume={140},
  number={4},
  pages={70--92},
  year={2011},
  publisher={MIT Press}
}

@article{murray1988,
  title={The application of epidemiology to computer viruses},
  author={Murray, William H},
  journal={Computers \& Security},
  volume={7},
  number={2},
  pages={139--145},
  year={1988},
  publisher={Elsevier}
}

@misc{nakedSecurity,
  title={1 in 5 Macs has malware on it, does yours?},
  author={Graham Cluley},
  date={2012-24-04},
  howpublished={\url{http://nakedsecurity.sophos.com/2012/04/24/mac-malware-study/}},
  note={Accessed 2013-12-15}
}

@book{nuffieldCouncil,
  title={Healthy lives, healthy people: our strategy for public health in England},
  author={Nuffield Council on Bioethics},
  year={2010},
  publisher={Stationery Office}
}

@book{ogus,
  title={Regulation: Legal form and economic theory},
  author={Ogus, Anthony I},
  volume={152},
  number={1},
  year={1994},
  publisher={Clarendon Press Oxford}
}

@inproceedings{provos,
  title={The ghost in the browser analysis of web-based malware},
  author={Provos, Niels and others},
  booktitle={Proceedings of the first conference on First Workshop on Hot Topics in Understanding Botnets},
  pages={4--4},
  year={2007}
}

@inproceedings{provos2008,
 author = {Provos, Niels and others},
 title = {All Your iFRAMEs Point to Us},
 booktitle = {Proceedings of the 17th Conference on Security Symposium},
 series = {SS'08},
 year = {2008},
 location = {San Jose, CA},
 pages = {1--15},
 numpages = {15},
 url = {http://dl.acm.org/citation.cfm?id=1496711.1496712},
 acmid = {1496712},
 publisher = {USENIX Association},
 address = {Berkeley, CA, USA},
} 


@article{rattray,
  title={American security in the cyber commons},
  author={Rattray, Greg and Evans, Chris and Healey, Jason},
  journal={Contested Commons: The Future of American Power in a Multipolar World},
  pages={137--176},
  year={2010}
}

@article{raymond,
  title={The cathedral and the bazaar},
  author={Raymond, Eric},
  journal={Knowledge, Technology \& Policy},
  volume={12},
  number={3},
  pages={23--49},
  year={1999},
  publisher={Springer}
}

@misc{securelist,
  title={Spam in Q3 2013},
  author={Darya Gudkova},
  date={2013-11-05},
  year={2013},
  howpublished={\url{http://www.securelist.com/en/analysis/204792311/Spam_in_Q3_2013}},
  note={Accessed 2013-12-15}
}

@misc{spamhaus,
  title={Case Answer: e360Insight vs. The Spamhaus Project},
  author={Spamhaus},
  howpublished={\url{http://www.spamhaus.org/organization/statement/003/case-answer-e360insight-vs.-the-spamhaus-project}},
  date={2013-06-13},
  note={Accessed 23 February 2013}
}

@inproceedings{staniford,
  title={How to Own the Internet in Your Spare Time.},
  author={Staniford, Stuart and Paxson, Vern and Weaver, Nicholas and others},
  booktitle={USENIX Security Symposium},
  pages={149--167},
  year={2002}
}

@techreport{stopBadware,
  title={Compromised Websites: An Owner's Perspective},
  author={StopBadware and CommTouch},
  year={2012}
}



@techreport{trustwave,
  title={Trustwave 2013 Global Security Report},
  author={Trustwave},
  year={2013},
  institution={Technical Report}
}

@article{vasek,
  title={Identifying Risk Factors for Webserver Compromise},
  author={Vasek, Marie and Moore, Tyler},
  year={2013}
}

@misc{wateringHole,
  title={http://blogs.rsa.com/lions-at-the-watering-hole-the-voho-affair/},
  author={Will Gragido},
  date={2012-07-20},
  howpublished={\url{http://blogs.rsa.com/lions-at-the-watering-hole-the-voho-affair/}},
  note={Accessed 23 February 2014}
}

@techreport{whitehat,
  title={Whitehat Website Security Statistics Report 2013},
  author={WhiteHat Security},
  year={2013},
  institution={Technical Report}
}

@misc{WHO,
  title={Public Health},
  author={WHO},
  howpublished={\url{http://www.who.int/trade/glossary/story076/en/}},
  note={Accessed 2013-12-15}
}





















